@techreport{rfc1459,
	AUTHOR = "J. Oikarinen and D. Reed",
	TITLE = "{Internet Relay Chat Protocol}",
	HOWPUBLISHED = {Internet Requests for Comments},
	TYPE="{RFC}",
	NUMBER=1459,
	PAGES = {1-65},
	YEAR = {1993},
	MONTH = {May},
	PUBLISHER = "{RFC Editor}",
	INSTITUTION = "{RFC Editor}",
	URL={http://www.rfc-editor.org/rfc/rfc1459.txt}
}

@techreport{rfc3164,
	AUTHOR = "C. Lonvick",
	TITLE = "{The BSD syslog Protocol}",
	HOWPUBLISHED = {Internet Requests for Comments},
	TYPE="{RFC}",
	NUMBER=3164,
	PAGES = {1-29},
	YEAR = {2001},
	MONTH = {Aug},
	PUBLISHER = "{RFC Editor}",
	INSTITUTION = "{RFC Editor}",
	URL={http://www.rfc-editor.org/rfc/rfc3164.txt}
}
