@book{comp_theory,
  author    = {Michael Sipser},
  title     = {Introduction to the theory of computation},
  publisher = {{PWS} Publishing Company},
  year      = {1997},
  isbn      = {978-0-534-94728-6}
}

@inproceedings{petri,
  author    = {Michael Blondin and
               Alain Finkel and
               Christoph Haase and
               Serge Haddad},
  title     = {Approaching the Coverability Problem Continuously},
  booktitle = {Tools and Algorithms for the Construction and Analysis of Systems
               - 22nd International Conference, {TACAS} 2016, Held as Part of the
               European Joint Conferences on Theory and Practice of Software, {ETAPS}
               2016, Eindhoven, The Netherlands, April 2-8, 2016, Proceedings},
  pages     = {480--496},
  year      = {2016}
}


@inproceedings{mediator,
  author    = {Luk{\'{a}}s Hol{\'{\i}}k and
               Malte Isberner and
               Bengt Jonsson},
  title     = {Mediator Synthesis in a Component Algebra with Data},
  booktitle = {Correct System Design - Symposium in Honor of Ernst-R{\"{u}}diger
               Olderog on the Occasion of His 60th Birthday, Oldenburg, Germany,
               September 8-9, 2015. Proceedings},
  pages     = {238--259},
  series    = {Lecture Notes in Computer Science},
  volume    = {9360},
  publisher = {Springer},
  year      = {2015},
}

@inproceedings{parikh,
  author    = {Eryk Kopczynski and
               Anthony Widjaja To},
  title     = {Parikh Images of Grammars: Complexity and Applications},
  booktitle = {Proceedings of the 25th Annual {IEEE} Symposium on Logic in Computer
               Science, {LICS} 2010, 11-14 July 2010, Edinburgh, United Kingdom},
  pages     = {80--89},
  year      = {2010}
}


@article{ws1s,
  author    = {Mukesh Kumar and
               Kamlesh Dutta},
  title     = {Detecting Wormhole Attack on Data Aggregation in Hierarchical {WSN}},
  journal   = {{IJISP}},
  volume    = {11},
  number    = {1},
  pages     = {35--51},
  year      = {2017}
}

@inproceedings{forest,
  author    = {Luk{\'{a}}s Hol{\'{\i}}k and
               Martin Hruska and
               Ondrej Leng{\'{a}}l and
               Adam Rogalewicz and
               Tom{\'{a}}s Vojnar},
  title     = {Counterexample Validation and Interpolation-Based Refinement for Forest
               Automata},
  booktitle = {Verification, Model Checking, and Abstract Interpretation - 18th International
               Conference, {VMCAI} 2017, Paris, France, January 15-17, 2017, Proceedings},
  pages     = {288--309},
  year      = {2017}
}

@inproceedings{presburger,
  author    = {Makoto Tatsuta and
               Quang Loc Le and
               Wei{-}Ngan Chin},
  title     = {Decision Procedure for Separation Logic with Inductive Definitions
               and Presburger Arithmetic},
  booktitle = {Programming Languages and Systems - 14th Asian Symposium, {APLAS}
               2016, Hanoi, Vietnam, November 21-23, 2016, Proceedings},
  pages     = {423--443},
  year      = {2016}
}

