@inproceedings{Cahyani:2016:RMF:3021385.3021421,
 author = {Cahyani, Niken Dwi Wahyu and Ab Rahman, Nurul Hidayah and Xu, Zheng and Glisson, William Bradley and Choo, Kim-Kwang Raymond},
 title = {The Role of Mobile Forensics in Terrorism Investigations Involving the Use of Cloud Apps},
 booktitle = {Proceedings of the 9th EAI International Conference on Mobile Multimedia Communications},
 series = {MobiMedia '16},
 year = {2016},
 isbn = {978-1-63190-104-1},
 location = {Xi'an, China},
 pages = {199--204},
 numpages = {6},
 publisher = {ICST (Institute for Computer Sciences, Social-Informatics and Telecommunications Engineering)},
 address = {ICST, Brussels, Belgium, Belgium},
 keywords = {Android forensic, Mobile forensic, Terrorist investigations, Windows Phone forensic},
} 

@inproceedings{Tuttle:2010:REM:1866886.1866892,
 author = {Tuttle, John and Walls, Robert J. and Learned-Miller, Erik and Levine, Brian Neil},
 title = {Reverse Engineering for Mobile Systems Forensics with Ares},
 booktitle = {Proceedings of the 2010 ACM Workshop on Insider Threats},
 series = {Insider Threats '10},
 year = {2010},
 isbn = {978-1-4503-0092-6},
 location = {Chicago, Illinois, USA},
 pages = {21--28},
 numpages = {8},
 address = {New York, NY, USA},
 keywords = {data recovery, forensics, mobile phones, reverse engineering},
} 


@inproceedings{Wilson:2017:CSM:3077286.3077564,
 author = {Wilson, Rodney and Chi, Hongmei},
 title = {A Case Study for Mobile Device Forensics Tools},
 booktitle = {Proceedings of the SouthEast Conference},
 series = {ACM SE '17},
 year = {2017},
 isbn = {978-1-4503-5024-2},
 location = {Kennesaw, GA, USA},
 pages = {154--157},
 numpages = {4},
 address = {New York, NY, USA},
 keywords = {app, digital forensics, iOS, open source tools, smartphone},
} 

@inproceedings{Cui:2007:DAP:1362903.1362917,
 author = {Cui, Weidong and Kannan, Jayanthkumar and Wang, Helen J.},
 title = {Discoverer: Automatic Protocol Reverse Engineering from Network Traces},
 booktitle = {Proceedings of 16th USENIX Security Symposium on USENIX Security Symposium},
 series = {SS'07},
 year = {2007},
 isbn = {111-333-5555-77-9},
 location = {Boston, MA},
 pages = {14:1--14:14},
 articleno = {14},
 numpages = {14},
 publisher = {USENIX Association},
 address = {Berkeley, CA, USA},
} 

@article{Fisher:2008:DSF:1328897.1328488,
 author = {Fisher, Kathleen and Walker, David and Zhu, Kenny Q. and White, Peter},
 title = {From Dirt to Shovels: Fully Automatic Tool Generation from Ad Hoc Data},
 journal = {SIGPLAN Not.},
 issue_date = {January 2008},
 volume = {43},
 number = {1},
 month = jan,
 year = {2008},
 issn = {0362-1340},
 pages = {421--434},
 numpages = {14},
 address = {New York, NY, USA},
 keywords = {ad hoc data, data description languages, grammar induction, tool generation},
} 

@inproceedings{Caballero:2007:PAE:1315245.1315286,
 author = {Caballero, Juan and Yin, Heng and Liang, Zhenkai and Song, Dawn},
 title = {Polyglot: Automatic Extraction of Protocol Message Format Using Dynamic Binary Analysis},
 booktitle = {Proceedings of the 14th ACM Conference on Computer and Communications Security},
 series = {CCS '07},
 year = {2007},
 isbn = {978-1-59593-703-2},
 location = {Alexandria, Virginia, USA},
 pages = {317--329},
 numpages = {13},
 publisher = {ACM},
 address = {New York, NY, USA},
 keywords = {binary analysis, protocol reverse engineering},
} 

@inproceedings{Caballero:2009:DEA:1653662.1653737,
 author = {Caballero, Juan and Poosankam, Pongsin and Kreibich, Christian and Song, Dawn},
 title = {Dispatcher: Enabling Active Botnet Infiltration Using Automatic Protocol Reverse-engineering},
 booktitle = {Proceedings of the 16th ACM Conference on Computer and Communications Security},
 series = {CCS '09},
 year = {2009},
 isbn = {978-1-60558-894-0},
 location = {Chicago, Illinois, USA},
 pages = {621--634},
 numpages = {14},
 address = {New York, NY, USA},
 keywords = {binary analysis, botnet infiltration, protocol reverse engineering},
}

@inproceedings{Cui:2008:TAR:1455770.1455820,
 author = {Cui, Weidong and Peinado, Marcus and Chen, Karl and Wang, Helen J. and Irun-Briz, Luis},
 title = {Tupni: Automatic Reverse Engineering of Input Formats},
 booktitle = {Proceedings of the 15th ACM Conference on Computer and Communications Security},
 series = {CCS '08},
 year = {2008},
 isbn = {978-1-59593-810-7},
 location = {Alexandria, Virginia, USA},
 pages = {391--402},
 numpages = {12},
 address = {New York, NY, USA},
 keywords = {binary analysis, protocol reverse engineering},
} 

@inproceedings{Catanese:2010:VTF:1877972.1877992,
 author = {Catanese, Salvatore Amato and Fiumara, Giacomo},
 title = {A Visual Tool for Forensic Analysis of Mobile Phone Traffic},
 booktitle = {Proceedings of the 2Nd ACM Workshop on Multimedia in Forensics, Security and Intelligence},
 series = {MiFor '10},
 year = {2010},
 isbn = {978-1-4503-0157-2},
 location = {Firenze, Italy},
 pages = {71--76},
 numpages = {6},
 address = {New York, NY, USA},
 keywords = {LogAnalysis, cellular telephone network analysis, forensic investigation, forensic statistical analysis, visualization},
} 


