
@misc{p2p_fit,
	AUTHOR = {Ing. Petr Matoušek, PhD., M.A.},
	INSTITUTION = {Fakulta informačních technologií VUT v Brně},
	HOWPUBLISHED = {PDS prednáška},
	MONTH = {Marec},
	YEAR = {2019},
	TITLE = {Siete peer-to-peer (P2P)},
	URL={https://wis.fit.vutbr.cz/FIT/st/cfs.php?file=%2Fcourse%2FPDS-IT%2Flectures%2Fp2p.pdf}
}

@techreport{rfc768,
	AUTHOR = "J. Postel",
	TITLE = "{User Datagram Protocol}",
	HOWPUBLISHED = {Internet Requests for Comments},
	TYPE="{RFC}",
	YEAR = {1980},
	MONTH = {August},
	PUBLISHER = "{RFC Editor}",
	INSTITUTION = "{RFC Editor}",
	URL={https://www.ietf.org/rfc/rfc768.txt}
}

@techreport{rfc5694,
	AUTHOR = "G. Camarillo",
	TITLE = "{Peer-to-Peer (P2P) Architecture: Definition, Taxonomies, Examples, and Applicability}",
	HOWPUBLISHED = {Internet Requests for Comments},
	TYPE="{RFC}",
	YEAR = {2009},
	MONTH = {November},
	PUBLISHER = "{RFC Editor}",
	INSTITUTION = "{RFC Editor}",
	URL={https://ietf.org/rfc/rfc5694.txt}
}

@techreport{rfc8259,
	AUTHOR = "T. Bray",
	TITLE = "{The JavaScript Object Notation (JSON) Data Interchange Format}",
	HOWPUBLISHED = {Internet Requests for Comments},
	TYPE="{RFC}",
	YEAR = {2017},
	MONTH = {December},
	PUBLISHER = "{RFC Editor}",
	INSTITUTION = "{RFC Editor}",
	URL={https://ietf.org/rfc/rfc8259.txt}
}

@techreport{bep3,
	AUTHOR = "Bram Cohen",
	TITLE = "{The BitTorrent Protocol Specification}",
	TYPE="{BEP}",
	YEAR = {2017},
	MONTH = {Január},
	PUBLISHER = "{RFC Editor}",
	INSTITUTION = "{BitTorrent.org}",
	URL={https://ietf.org/rfc/rfc5694.txt}
}